<?xml version="1.0" encoding="utf-8"?>
<record xmlns="http://www.loc.gov/MARC21/slim" xmlns:xsi="http://www.w3.org/2001/XMLSchema-instance" xsi:schemaLocation="http://www.loc.gov/MARC21/slim http://www.loc.gov/standards/marcxml/schema/MARC21slim.xsd">
	<leader>     nam a22     Mi 4500</leader>
	<controlfield tag="001">b12134016</controlfield>
	<controlfield tag="003">UaCaAUL</controlfield>
	<controlfield tag="006">m        d        </controlfield>
	<controlfield tag="007">cr cn |||m|||a</controlfield>
	<controlfield tag="008">191028s1949    ua      ob    000 0 araod</controlfield>
	<datafield ind1=" " ind2=" " tag="040">
		<subfield code="a">ZYU</subfield>
		<subfield code="b">ara</subfield>
		<subfield code="e">rda</subfield>
		<subfield code="c">ZYU</subfield>
	</datafield>
	<datafield ind1=" " ind2="4" tag="050">
		<subfield code="a">PJ6106</subfield>
		<subfield code="b">.K38 1949</subfield>
	</datafield>
	<datafield ind1="1" ind2=" " tag="100">
		<subfield code="6">880-01</subfield>
		<subfield code="a">Thaʻlab, Aḥmad ibn Yaḥyá,</subfield>
		<subfield code="d">815-904,</subfield>
		<subfield code="e">author.</subfield>
	</datafield>
	<datafield ind1="1" ind2="0" tag="240">
		<subfield code="6">880-02</subfield>
		<subfield code="a">Faṣīḥ</subfield>
	</datafield>
	<datafield ind1="1" ind2="0" tag="245">
		<subfield code="6">880-03</subfield>
		<subfield code="a">Faṣīḥ Thaʻlab wa-al-shurūḥ allatī ʻalayhi /</subfield>
		<subfield code="c">nashr wa-taʻlīq al-ustādh Muḥammad ʻAbd al-Munʻim Khafājī.</subfield>
	</datafield>
	<datafield ind1="3" ind2="3" tag="246">
		<subfield code="6">880-04</subfield>
		<subfield code="a">Kitāb al-faṣīh wa-sharḥih</subfield>
	</datafield>
	<datafield ind1="3" ind2="3" tag="246">
		<subfield code="6">880-05</subfield>
		<subfield code="a">Kitāb dhayl faṣīḥ Thaʻlab</subfield>
	</datafield>
	<datafield ind1="3" ind2="3" tag="246">
		<subfield code="6">880-06</subfield>
		<subfield code="a">Kitāb al-ishtiqāq</subfield>
	</datafield>
	<datafield ind1="3" ind2="3" tag="246">
		<subfield code="6">880-07</subfield>
		<subfield code="a">Kitāb faʻaltu wa-afʻaltu</subfield>
	</datafield>
	<datafield ind1=" " ind2=" " tag="250">
		<subfield code="6">880-08</subfield>
		<subfield code="a">al-Ṭabʻah al-ūlá.</subfield>
	</datafield>
	<datafield ind1=" " ind2="1" tag="264">
		<subfield code="6">880-09</subfield>
		<subfield code="a">[Cairo] :</subfield>
		<subfield code="b">Maktabat al-Tawḥīd bi-Darb al-Jamāmīz,</subfield>
		<subfield code="c">1368 H, 1949 M.</subfield>
	</datafield>
	<datafield ind1=" " ind2="3" tag="264">
		<subfield code="6">880-10</subfield>
		<subfield code="a">[Cairo] :</subfield>
		<subfield code="b">al-Maṭbaʻah al-Namūdhajīyah.</subfield>
	</datafield>
	<datafield ind1=" " ind2=" " tag="300">
		<subfield code="a">online resource (10, 108, 38, 29, 9, 119, 64 pages)</subfield>
	</datafield>
	<datafield ind1=" " ind2=" " tag="336">
		<subfield code="a">text</subfield>
		<subfield code="2">rdacontent</subfield>
	</datafield>
	<datafield ind1=" " ind2=" " tag="337">
		<subfield code="a">computer</subfield>
		<subfield code="2">rdamedia</subfield>
	</datafield>
	<datafield ind1=" " ind2=" " tag="338">
		<subfield code="a">online resource</subfield>
		<subfield code="2">rdacarrier</subfield>
	</datafield>
	<datafield ind1=" " ind2=" " tag="500">
		<subfield code="6">880-11</subfield>
		<subfield code="a">Majmūʻah fī al-lughah tashmal: al-Faṣīḥ, wa-sharḥuh, wa-dhayluh, wa-muqaddimat al-ishtiqāq al-kabīr li-Ibn Durayd, wa-siwāhā.</subfield>
	</datafield>
	<datafield ind1=" " ind2=" " tag="500">
		<subfield code="6">880-12</subfield>
		<subfield code="a">Rūjiʻ ʻalá al-nusakh al-khaṭṭīyah al-maḥfūẓah bi-Dār al-Kutub al-Malakīyah.</subfield>
	</datafield>
	<datafield ind1=" " ind2=" " tag="500">
		<subfield code="6">880-13</subfield>
		<subfield code="a">&quot;Dirāsah akhīrah ahamm al-muʼallafāt fī ʻIlm al-Lughah /lil-ustādh Muḥammad ʻAbd al-Munʻim Khafājī&quot; -- Fourth group.</subfield>
	</datafield>
	<datafield ind1=" " ind2=" " tag="500">
		<subfield code="a">Includes Errata pages.</subfield>
	</datafield>
	<datafield ind1=" " ind2=" " tag="500">
		<subfield code="a">Part of the Arabic Collections Online (ACO) project, contributed by American University in Cairo Library.</subfield>
	</datafield>
	<datafield ind1=" " ind2=" " tag="504">
		<subfield code="a">Includes bibliographical references.</subfield>
	</datafield>
	<datafield ind1=" " ind2=" " tag="533">
		<subfield code="a">Electronic reproduction.</subfield>
		<subfield code="b">New York, N.Y. :</subfield>
		<subfield code="c">New York University,</subfield>
		<subfield code="d">2019.</subfield>
		<subfield code="5">NNU</subfield>
	</datafield>
	<datafield ind1="1" ind2="0" tag="600">
		<subfield code="6">880-14</subfield>
		<subfield code="a">Thaʻlab, Aḥmad ibn Yaḥyá,</subfield>
		<subfield code="d">815-904.</subfield>
		<subfield code="t">Faṣīḥ.</subfield>
	</datafield>
	<datafield ind1="1" ind2="0" tag="600">
		<subfield code="6">880-15</subfield>
		<subfield code="a">Harawī, Muḥammad ibn ʻAlī,</subfield>
		<subfield code="d">982 or 983-1041 or 1042.</subfield>
		<subfield code="t">Talwīḥ fī sharḥ al-faṣīḥ.</subfield>
	</datafield>
	<datafield ind1="1" ind2="0" tag="600">
		<subfield code="6">880-16</subfield>
		<subfield code="a">ʻAbd al-Laṭīf al-Baghdādī, Muwaffaq al-Dīn,</subfield>
		<subfield code="d">1162-1231.</subfield>
		<subfield code="t">Dhayl al-faṣīḥ.</subfield>
	</datafield>
	<datafield ind1="1" ind2="0" tag="600">
		<subfield code="6">880-17</subfield>
		<subfield code="a">Ibn Durayd, Muḥammad ibn al-Ḥasan,</subfield>
		<subfield code="d">837 or 838-933.</subfield>
		<subfield code="t">Ishtiqāq.</subfield>
	</datafield>
	<datafield ind1="1" ind2="0" tag="600">
		<subfield code="6">880-18</subfield>
		<subfield code="a">Zajjāj, Abū Isḥāq Ibrāhīm ibn al-Sarī,</subfield>
		<subfield code="d">-923.</subfield>
		<subfield code="t">Faʻaltu wa-afʻaltu.</subfield>
	</datafield>
	<datafield ind1="1" ind2="0" tag="600">
		<subfield code="6">880-19</subfield>
		<subfield code="a">Sībawayh, ʻAmr ibn ʻUthmān,</subfield>
		<subfield code="d">active 8th century.</subfield>
		<subfield code="t">Shawāhid al-Kitāb.</subfield>
	</datafield>
	<datafield ind1="0" ind2="7" tag="630">
		<subfield code="a">Faṣīḥ (Thaʻlab, Aḥmad ibn Yaḥyá)</subfield>
		<subfield code="2">fast</subfield>
		<subfield code="0">(OCoLC)fst01370827</subfield>
	</datafield>
	<datafield ind1=" " ind2="0" tag="650">
		<subfield code="a">Arabic language</subfield>
		<subfield code="x">Grammar.</subfield>
	</datafield>
	<datafield ind1=" " ind2="7" tag="650">
		<subfield code="a">Arabic language</subfield>
		<subfield code="x">Grammar.</subfield>
		<subfield code="2">fast</subfield>
		<subfield code="0">(OCoLC)fst00812341</subfield>
	</datafield>
	<datafield ind1="1" ind2=" " tag="700">
		<subfield code="6">880-20</subfield>
		<subfield code="a">Thaʻlab, Aḥmad ibn Yaḥyá,</subfield>
		<subfield code="d">815-904.</subfield>
		<subfield code="t">Faṣīḥ.</subfield>
	</datafield>
	<datafield ind1="1" ind2=" " tag="700">
		<subfield code="6">880-21</subfield>
		<subfield code="a">Harawī, Muḥammad ibn ʻAlī,</subfield>
		<subfield code="d">982 or 983-1041 or 1042.</subfield>
		<subfield code="t">Talwīḥ fī sharḥ al-faṣīḥ.</subfield>
	</datafield>
	<datafield ind1="1" ind2=" " tag="700">
		<subfield code="6">880-22</subfield>
		<subfield code="a">ʻAbd al-Laṭīf al-Baghdādī, Muwaffaq al-Dīn,</subfield>
		<subfield code="d">1162-1231.</subfield>
		<subfield code="t">Dhayl al-faṣīḥ.</subfield>
	</datafield>
	<datafield ind1="1" ind2=" " tag="700">
		<subfield code="6">880-23</subfield>
		<subfield code="a">Ibn Durayd, Muḥammad ibn al-Ḥasan,</subfield>
		<subfield code="d">837 or 838-933.</subfield>
		<subfield code="t">Ishtiqāq.</subfield>
	</datafield>
	<datafield ind1="1" ind2=" " tag="700">
		<subfield code="6">880-24</subfield>
		<subfield code="a">Zajjāj, Abū Isḥāq Ibrāhīm ibn al-Sarī,</subfield>
		<subfield code="d">-923.</subfield>
		<subfield code="t">Faʻaltu wa-afʻaltu.</subfield>
	</datafield>
	<datafield ind1="1" ind2=" " tag="700">
		<subfield code="6">880-25</subfield>
		<subfield code="a">Khafājī, Muḥammad ʻAbd al-Munʻim,</subfield>
		<subfield code="e">editor.</subfield>
	</datafield>
	<datafield ind1="1" ind2=" " tag="700">
		<subfield code="6">880-26</subfield>
		<subfield code="a">Sībawayh, ʻAmr ibn ʻUthmān,</subfield>
		<subfield code="d">active 8th century.</subfield>
		<subfield code="t">Shawāhid al-Kitāb.</subfield>
	</datafield>
	<datafield ind1="2" ind2=" " tag="710">
		<subfield code="a">American University in Cairo.</subfield>
		<subfield code="b">Library.</subfield>
	</datafield>
	<datafield ind1="0" ind2=" " tag="730">
		<subfield code="a">Arabic Collections Online.</subfield>
	</datafield>
	<datafield ind1="0" ind2="8" tag="776">
		<subfield code="i">Print version:</subfield>
		<subfield code="a">Thaʻlab, Aḥmad ibn Yaḥyá, 815-904, author.</subfield>
		<subfield code="t">Faṣīḥ Thaʻlab wa-al-shurūḥ allatī ʻalayhi</subfield>
		<subfield code="w">(UaCaAUL)b12134016</subfield>
		<subfield code="w">(OCoLC)10247848</subfield>
	</datafield>
	<datafield ind1="4" ind2="0" tag="856">
		<subfield code="u">http://hdl.handle.net/2333.1/wwpzgwt6</subfield>
	</datafield>
	<datafield ind1="1" ind2=" " tag="880">
		<subfield code="6">100-01</subfield>
		<subfield code="a">ثعلب، أحمد بن يحيى،</subfield>
		<subfield code="d">815-904.</subfield>
	</datafield>
	<datafield ind1="1" ind2="0" tag="880">
		<subfield code="6">240-02</subfield>
		<subfield code="a">فصيح</subfield>
	</datafield>
	<datafield ind1="1" ind2="0" tag="880">
		<subfield code="6">245-03</subfield>
		<subfield code="a">فصيح ثعلب والشروح التي عليه /</subfield>
		<subfield code="c">نشر وتعليق الأستاذ محمد عبد المنعم خفاجي.</subfield>
	</datafield>
	<datafield ind1="3" ind2="3" tag="880">
		<subfield code="6">246-04</subfield>
		<subfield code="a">كتاب الفصيح وشرحه</subfield>
	</datafield>
	<datafield ind1="3" ind2="3" tag="880">
		<subfield code="6">246-05</subfield>
		<subfield code="a">كتاب ذيل فصيح ثعلب</subfield>
	</datafield>
	<datafield ind1="3" ind2="3" tag="880">
		<subfield code="6">246-06</subfield>
		<subfield code="a">كتاب الاشتقاق</subfield>
	</datafield>
	<datafield ind1="3" ind2="3" tag="880">
		<subfield code="6">246-07</subfield>
		<subfield code="a">كتاب فعلت وأفعلت</subfield>
	</datafield>
	<datafield ind1=" " ind2=" " tag="880">
		<subfield code="6">250-08</subfield>
		<subfield code="a">الطبعة الأولى.</subfield>
	</datafield>
	<datafield ind1=" " ind2="1" tag="880">
		<subfield code="6">264-09</subfield>
		<subfield code="a">[Cairo] :</subfield>
		<subfield code="b">مكتبة التوحيد بدرب الجماميز،</subfield>
		<subfield code="c">1368 هـ، 1949 م.</subfield>
	</datafield>
	<datafield ind1=" " ind2="3" tag="880">
		<subfield code="6">264-10</subfield>
		<subfield code="a">[Cairo] :</subfield>
		<subfield code="b">المطبعة النموذجية.</subfield>
	</datafield>
	<datafield ind1=" " ind2=" " tag="880">
		<subfield code="6">500-11</subfield>
		<subfield code="a">مجموعة في اللغة تشمل: الفصيح، وشرحه، وذيله، ومقدمة الاشتقاق الكبير لابن دريد، وسواها.</subfield>
	</datafield>
	<datafield ind1=" " ind2=" " tag="880">
		<subfield code="6">500-12</subfield>
		<subfield code="a">روجع على النسخ الخطية المحفوظة بدار الكتب الملكية.</subfield>
	</datafield>
	<datafield ind1=" " ind2=" " tag="880">
		<subfield code="6">500-13</subfield>
		<subfield code="a">&quot;دراسة أخيرة أهم المؤلفات في علم اللغة /للأستاذ محمد عبد المنعم خفاجي&quot;  -- Fourth group.</subfield>
	</datafield>
	<datafield ind1="1" ind2="4" tag="880">
		<subfield code="6">600-14</subfield>
		<subfield code="a">ثعلب، أحمد بن يحيى،</subfield>
		<subfield code="d">815-904.</subfield>
		<subfield code="t">فصيح.</subfield>
	</datafield>
	<datafield ind1="1" ind2="4" tag="880">
		<subfield code="6">600-15</subfield>
		<subfield code="a">هروي، محمد بن علي،</subfield>
		<subfield code="d">982 أو 983-1041 أو 1042.</subfield>
		<subfield code="t">تلويح في شرح الفصيح.</subfield>
	</datafield>
	<datafield ind1="1" ind2="4" tag="880">
		<subfield code="6">600-16</subfield>
		<subfield code="a">عبد اللطيف البغدادي، موفق الدين،</subfield>
		<subfield code="d">1162-1231.</subfield>
		<subfield code="t">ذيل الفصيح.</subfield>
	</datafield>
	<datafield ind1="1" ind2="4" tag="880">
		<subfield code="6">600-17</subfield>
		<subfield code="a">ابن دريد، محمد بن الحسن،</subfield>
		<subfield code="d">837 أو 838-933.</subfield>
		<subfield code="t">اشتقاق.</subfield>
	</datafield>
	<datafield ind1="1" ind2="4" tag="880">
		<subfield code="6">600-18</subfield>
		<subfield code="a">زجاج، أبو إسحاق إبراهيم بن السري،</subfield>
		<subfield code="d">- 923.</subfield>
		<subfield code="t">فعلت وأفعلت.</subfield>
	</datafield>
	<datafield ind1="1" ind2="4" tag="880">
		<subfield code="6">600-19</subfield>
		<subfield code="a">سيبويه، عمرو بن عثمان.</subfield>
		<subfield code="t">شواهد الكتاب.</subfield>
	</datafield>
	<datafield ind1="1" ind2=" " tag="880">
		<subfield code="6">700-20</subfield>
		<subfield code="a">ثعلب، أحمد بن يحيى،</subfield>
		<subfield code="d">815-904.</subfield>
		<subfield code="t">فصيح.</subfield>
	</datafield>
	<datafield ind1="1" ind2=" " tag="880">
		<subfield code="6">700-21</subfield>
		<subfield code="a">هروي، محمد بن علي،</subfield>
		<subfield code="d">982 أو 983-1041 أو 1042.</subfield>
		<subfield code="t">تلويح في شرح الفصيح.</subfield>
	</datafield>
	<datafield ind1="1" ind2=" " tag="880">
		<subfield code="6">700-22</subfield>
		<subfield code="a">عبد اللطيف البغدادي، موفق الدين،</subfield>
		<subfield code="d">1162-1231.</subfield>
		<subfield code="t">ذيل الفصيح.</subfield>
	</datafield>
	<datafield ind1="1" ind2=" " tag="880">
		<subfield code="6">700-23</subfield>
		<subfield code="a">ابن دريد، محمد بن الحسن،</subfield>
		<subfield code="d">837 أو 838-933.</subfield>
		<subfield code="t">اشتقاق.</subfield>
	</datafield>
	<datafield ind1="1" ind2=" " tag="880">
		<subfield code="6">700-24</subfield>
		<subfield code="a">زجاج، أبو إسحاق إبراهيم بن السري،</subfield>
		<subfield code="d">- 923.</subfield>
		<subfield code="t">فعلت وأفعلت.</subfield>
	</datafield>
	<datafield ind1="1" ind2=" " tag="880">
		<subfield code="6">700-25</subfield>
		<subfield code="a">خفاجي، محمد عبد المنعم.</subfield>
	</datafield>
	<datafield ind1="1" ind2=" " tag="880">
		<subfield code="6">700-26</subfield>
		<subfield code="a">سيبويه، عمرو بن عثمان.</subfield>
		<subfield code="t">شواهد الكتاب.</subfield>
	</datafield>
	<datafield ind1=" " ind2=" " tag="959">
		<subfield code="a">NNU</subfield>
		<subfield code="b">WEB</subfield>
		<subfield code="c">GENI</subfield>
		<subfield code="t">0</subfield>
		<subfield code="m">Electronic access</subfield>
		<subfield code="s">01</subfield>
	</datafield>
	<datafield ind1=" " ind2=" " tag="999">
		<subfield code="i">UaCaAUL_b12134016</subfield>
		<subfield code="o">(OCoLC)ocm10247848</subfield>
		<subfield code="s">auc_aco000866:</subfield>
		<subfield code="s">auc_aco000866:</subfield>
	</datafield>
</record>
